<?xml version="1.0" encoding="UTF-8"?><record xmlns="http://www.loc.gov/MARC21/slim" xmlns:cinclude="http://apache.org/cocoon/include/1.0" xmlns:zs="http://www.loc.gov/zing/srw/">
  <leader>00546nz  a2200157n  4500</leader>
  <controlfield tag="001">no2007024827</controlfield>
  <controlfield tag="003">DLC</controlfield>
  <controlfield tag="005">20070308075329.0</controlfield>
  <controlfield tag="008">070306n| acannaabn          |a aaa     c</controlfield>
  <datafield tag="010" ind1=" " ind2=" ">
    <subfield code="a">no2007024827</subfield>
  </datafield>
  <datafield tag="035" ind1=" " ind2=" ">
    <subfield code="a">(OCoLC)oca07346188</subfield>
  </datafield>
  <datafield tag="040" ind1=" " ind2=" ">
    <subfield code="a">NBuU</subfield>
    <subfield code="b">eng</subfield>
    <subfield code="c">NBuU</subfield>
  </datafield>
  <datafield tag="100" ind1="1" ind2=" ">
    <subfield code="a">Deffenbaugh, Danny M.,</subfield>
    <subfield code="d">1951-</subfield>
  </datafield>
  <datafield tag="400" ind1="1" ind2=" ">
    <subfield code="a">Deffenbaugh, D. M.</subfield>
    <subfield code="q">(Danny M.),</subfield>
    <subfield code="d">1951-</subfield>
  </datafield>
  <datafield tag="670" ind1=" " ind2=" ">
    <subfield code="a">Ammonia leak locator study, 1995:</subfield>
    <subfield code="b">t.p. (Danny M. Deffenbaugh)</subfield>
  </datafield>
  <datafield tag="670" ind1=" " ind2=" ">
    <subfield code="a">OCLC, Mar. 6, 2007</subfield>
    <subfield code="b">(hdg.: Deffenbaugh, Danny M., 1951- ; usage: Danny M. Deffenbaugh; D.M. Deffenbaugh)</subfield>
  </datafield>
</record>